% Encoding: UTF-8

@InProceedings{AlsovaKazanskaya2016,
  author =    {O. Ðš. Alsova and O. V. Kazanskaya},
  title =     {Training simulators for support of inductive method in teaching},
  booktitle = {2016 13th International Scientific-Technical Conference on Actual Problems of Electronics Instrument Engineering (APEIE)},
  year =      {2016},
  volume =    {02},
  pages =     {510-512},
  month =     {Oct},
  doi =       {10.1109/APEIE.2016.7806405},
  keywords =  {computer aided instruction;further education;mathematics computing;teaching;higher education system;inductive method;inductive teaching;mathematical disciplines;optimization methods;simulation modeling;simulator basic structure;training simulators;Cloud computing;Computational modeling;Computers;Optimization;Problem-solving;Training;Inductive teaching;requirements to the training simulator;structure of the training simulator;training simulator}
}

@Article{BakerBottsOwen2004,
  author =   {Baker, Judy and Botts, Nathan and Owen, Karen},
  title =    {Faculty technology training: learning objects},
  journal =  {Academic Exchange Quarterly. 8.1 (Spring 2004): p170.},
  year =     {2004},
  volume =   {8},
  number =   {1},
  pages =    {170+},
  month =    {2017/2/21/},
  note =     {Article},
  issn =     {10961453},
  keywords = {College faculty},
  url =      {http://go.galegroup.com/ps/i.do?p=AONE&sw=w&u=unifil&v=2.1&it=r&id=GALE%7CA116450607&asid=8fa908d57663058a0db6dd5791d21936}
}

@Article{BaruqueMelo2004,
  author =   {Baruque, Lucia Blondet and Melo, Rubens Nascimento},
  title =    {Learning theory and instructional design using learning objects},
  journal =  {Journal of Educational Multimedia and Hypermedia},
  year =     {2004},
  volume =   {13},
  pages =    {343+},
  month =    {2017/2/21/},
  note =     {4},
  issn =     {10558896},
  keywords = {Curriculum development},
  url =      {http://go.galegroup.com/ps/i.do?p=AONE&sw=w&u=unifil&v=2.1&it=r&id=GALE%7CA132304033&asid=779e5f268a3abe5e06c0b671d5102f23}
}

@InProceedings{Carney-MorrisMurphy2016,
  author =    {Carney-Morris, Miranda and Murphy, Trevor},
  title =     {Teaching, Learning, and Classroom Design},
  booktitle = {Proceedings of the 2016 ACM on SIGUCCS Annual Conference},
  year =      {2016},
  series =    {SIGUCCS '16},
  pages =     {15--18},
  address =   {New York, NY, USA},
  publisher = {ACM},
  acmid =     {2974945},
  doi =       {10.1145/2974927.2974945},
  isbn =      {978-1-4503-4095-3},
  keywords =  {classroom design, education, learning spaces},
  location =  {Denver, Colorado, USA},
  numpages =  {4},
  url =       {http://doi.acm.org/10.1145/2974927.2974945}
}

@Article{CohenNycz2006,
  author =  {Cohen, Eli B. and Nycz, Malgorzata},
  title =   {Learning objects and e-learning: an informing science perspective},
  journal = {Interdisciplinary Journal of Knowledge and Learning Objects},
  year =    {2006},
  volume =  {2},
  pages =   {23+},
  month =   {2017/2/21/},
  note =    {23},
  url =     {http://go.galegroup.com/ps/i.do?p=AONE&sw=w&u=unifil&v=2.1&it=r&id=GALE%7CA199195117&asid=274628d86b19a5f5fb2ffa070ccf2846}
}

@InProceedings{FleissnerBaniassad2009,
  author =    {Fleissner, Sebastian and Baniassad, Elisa},
  title =     {Harmony-oriented Programming and Software Evolution},
  booktitle = {Proceedings of the 24th ACM SIGPLAN Conference Companion on Object Oriented Programming Systems Languages and Applications},
  year =      {2009},
  series =    {OOPSLA '09},
  pages =     {991--998},
  address =   {New York, NY, USA},
  publisher = {ACM},
  acmid =     {1640069},
  doi =       {10.1145/1639950.1640069},
  isbn =      {978-1-60558-768-4},
  keywords =  {harmony, resonance},
  location =  {Orlando, Florida, USA},
  numpages =  {8},
  url =       {http://doi.acm.org/10.1145/1639950.1640069}
}

@InProceedings{FraminanRuisotoGarciaEtAl2013,
  author =    {Frami\~{n}\'{a}n, Andr{\'e}s and Ruisoto, Pablo and Garc\'{\i}a, Diana and Juanes, Juan A.},
  title =     {Advanced Neuroimage Processing for the Study of the Neurovascular System},
  booktitle = {Proceedings of the First International Conference on Technological Ecosystem for Enhancing Multiculturality},
  year =      {2013},
  series =    {TEEM '13},
  pages =     {37--41},
  address =   {New York, NY, USA},
  publisher = {ACM},
  acmid =     {2536543},
  doi =       {10.1145/2536536.2536543},
  isbn =      {978-1-4503-2345-1},
  keywords =  {OsiriX\texttrademark, image processing, magnetic resonance, neuroimaging, neurovascular},
  location =  {Salamanca, Spain},
  numpages =  {5},
  url =       {http://doi.acm.org/10.1145/2536536.2536543}
}

@InProceedings{HeydenCarpendaleInkpenEtAl1998,
  author =    {van der Heyden, J. E. and Carpendale, M. S. T. and Inkpen, K. and Atkins, M. S.},
  title =     {Visual Presentation of Magnetic Resonance Images},
  booktitle = {Proceedings of the Conference on Visualization '98},
  year =      {1998},
  series =    {VIS '98},
  pages =     {423--426},
  address =   {Los Alamitos, CA, USA},
  publisher = {IEEE Computer Society Press},
  acmid =     {288336},
  isbn =      {1-58113-106-2},
  keywords =  {MRI image presentation, detail and context, health care, human factors, medical images, user interfaces},
  location =  {Research Triangle Park, North Carolina, USA},
  numpages =  {4},
  url =       {http://dl.acm.org/citation.cfm?id=288216.288336}
}

@Article{MasonPeglerWeller2005,
  author =   {Mason, Robin and Pegler, Chris and Weller, Martin},
  title =    {A learning object success story},
  journal =  {Journal of Asynchronous Learning Networks},
  year =     {2005},
  volume =   {9},
  pages =    {97+},
  month =    {2017/2/21/},
  note =     {1},
  issn =     {19395256},
  keywords = {Instructional materials},
  url =      {http://go.galegroup.com/ps/i.do?p=AONE&sw=w&u=unifil&v=2.1&it=r&id=GALE%7CA284325480&asid=5ef69339f58d014ae1f799d7a4e284e5}
}

@Article{Nash2005,
  author =  {Nash, Susan Smith},
  title =   {Learning objects, learning object repositories, and learning theory: preliminary best practices for online courses},
  journal = {Interdisciplinary Journal of Knowledge and Learning Objects},
  year =    {2005},
  volume =  {1},
  pages =   {217+},
  month =   {2017/2/21/},
  note =    {217},
  url =     {http://go.galegroup.com/ps/i.do?p=AONE&sw=w&u=unifil&v=2.1&it=r&id=GALE%7CA199195113&asid=d82049005e85ec2901861948245ef1bc}
}

@Article{Paschal2003,
  author =   {C. B. Paschal},
  title =    {The need for effective biomedical imaging education},
  journal =  {IEEE Engineering in Medicine and Biology Magazine},
  year =     {2003},
  volume =   {22},
  number =   {4},
  pages =    {88-91},
  month =    {July},
  doi =      {10.1109/MEMB.2003.1237507},
  issn =     {0739-5175},
  keywords = {biomedical education;biomedical imaging;computer aided instruction;information resources;BME students;Web based resources;anchored inquiry;anytime/anywhere learning;challenge-based learning;educational interaction;educational resources;effective biomedical imaging education;hands-on learning exercises;high-quality BMI education programs;human learning;imaging knowledge logical organization;instruction;instructional sequence;interesting challenges;learning cycle;learning resource;lectures;legacy cycle;online tutorial;personnel;revenue model;simulators;teaching files;textbooks;tutorials;ultrasound;undergraduate engineers;Biomedical engineering;Biomedical imaging;Computed tomography;Costs;Educational programs;Magnetic resonance imaging;Physics education;Positron emission tomography;Radiology;Ultrasonic imaging}
}

@InProceedings{PetrovaTodorova2004,
  author =    {Petrova, Valentina and Todorova, Margarita},
  title =     {A Model for Describing and Structuring Learning Objects},
  booktitle = {Proceedings of the 5th International Conference on Computer Systems and Technologies},
  year =      {2004},
  series =    {CompSysTech '04},
  pages =     {1--5},
  address =   {New York, NY, USA},
  publisher = {ACM},
  acmid =     {1050430},
  doi =       {10.1145/1050330.1050430},
  isbn =      {954-9641-38-4},
  keywords =  {content package, learning object, learning support},
  location =  {Rousse, Bulgaria},
  numpages =  {5},
  url =       {http://doi.acm.org/10.1145/1050330.1050430}
}

@InProceedings{PhophaliaMitraRajwade2012,
  author =    {Phophalia, Ashish and Mitra, Suman K. and Rajwade, Ajit},
  title =     {A New Denoising Filter for Brain MR Images},
  booktitle = {Proceedings of the Eighth Indian Conference on Computer Vision, Graphics and Image Processing},
  year =      {2012},
  series =    {ICVGIP '12},
  pages =     {57:1--57:8},
  address =   {New York, NY, USA},
  publisher = {ACM},
  acmid =     {2425390},
  articleno = {57},
  doi =       {10.1145/2425333.2425390},
  isbn =      {978-1-4503-1660-6},
  keywords =  {image denoising, magnetic resonance imaging (MRI), rough set theory},
  location =  {Mumbai, India},
  numpages =  {8},
  url =       {http://doi.acm.org/10.1145/2425333.2425390}
}

@Article{QueirosSilveiraSilvaCorreia-NetoEtAl2016,
  author =   {Queiros, Leandro Marques and da Silveira, Denis Silva and da Silva Correia-Neto, Jorge and Vilar, Guilherme @Article{Queiros2016, author = {Queiros, Leandro Marques and da Silveira, Denis Silva and da Silva Correia-Neto, Jorge and Vilar, Guilherme}, title = {LODPRO: learning objects development process}, journal = {Journal of the Brazilian Computer Society}, year = {2016}, volume = {22}, number = {1}, pages = {3}, abstract = {Research concerning to the use of technology in education has received increasing attention from scholars in recent years. This attention has resulted in new educational materials demanding creative ways to plan, develop, distribute, and evaluate them.}, doi = {10.1186/s13173-016-0043-6}, issn = {1678-4804}, url = {http://dx.doi.org/10.1186/s13173-016-0043-6} }},
  title =    {LODPRO: learning objects development process},
  journal =  {Journal of the Brazilian Computer Society},
  year =     {2016},
  volume =   {22},
  number =   {1},
  pages =    {3},
  abstract = {Research concerning to the use of technology in education has received increasing attention from scholars in recent years. This attention has resulted in new educational materials demanding creative ways to plan, develop, distribute, and evaluate them.},
  doi =      {10.1186/s13173-016-0043-6},
  issn =     {1678-4804},
  url =      {http://dx.doi.org/10.1186/s13173-016-0043-6}
}

@Article{Ritzhaupt2010,
  author =   {Ritzhaupt, Albert D.},
  title =    {Learning object systems and strategy: a description and discussion},
  journal =  {Interdisciplinary Journal of E-Learning and Learning Objects},
  year =     {2010},
  volume =   {6},
  pages =    {217+},
  month =    {2017/2/21/},
  note =     {217},
  issn =     {15522210},
  keywords = {Educational technology},
  url =      {http://go.galegroup.com/ps/i.do?p=AONE&sw=w&u=unifil&v=2.1&it=r&id=GALE%7CA247740285&asid=97c7642b51f2dfbcc2c9fd98b1fff078}
}

@InProceedings{SathiyamurthyGeethaSenthilvelan2012,
  author =    {Sathiyamurthy, K. and Geetha, T. V. and Senthilvelan, M.},
  title =     {An Approach Towards Dynamic Assembling of Learning Objects},
  booktitle = {Proceedings of the International Conference on Advances in Computing, Communications and Informatics},
  year =      {2012},
  series =    {ICACCI '12},
  pages =     {1193--1198},
  address =   {New York, NY, USA},
  publisher = {ACM},
  acmid =     {2345587},
  doi =       {10.1145/2345396.2345587},
  isbn =      {978-1-4503-1196-0},
  keywords =  {eLearning, granularity, learning object metadata (LOM), learning object repository (LOR), learning objects (LO), ontology, pedagogy},
  location =  {Chennai, India},
  numpages =  {6},
  url =       {http://doi.acm.org/10.1145/2345396.2345587}
}

@InProceedings{SiegmundBrechmannApelEtAl2012,
  author =    {Siegmund, Janet and Brechmann, Andr{\'e} and Apel, Sven and K\"{a}stner, Christian and Liebig, J\"{o}rg and Leich, Thomas and Saake, Gunter},
  title =     {Toward Measuring Program Comprehension with Functional Magnetic Resonance Imaging},
  booktitle = {Proceedings of the ACM SIGSOFT 20th International Symposium on the Foundations of Software Engineering},
  year =      {2012},
  series =    {FSE '12},
  pages =     {24:1--24:4},
  address =   {New York, NY, USA},
  publisher = {ACM},
  acmid =     {2393624},
  articleno = {24},
  doi =       {10.1145/2393596.2393624},
  isbn =      {978-1-4503-1614-9},
  keywords =  {controlled experiments, fMRI, program comprehension},
  location =  {Cary, North Carolina},
  numpages =  {4},
  url =       {http://doi.acm.org/10.1145/2393596.2393624}
}

@InProceedings{SiegmundKaestnerApelEtAl2014,
  author =    {Siegmund, Janet and K\"{a}stner, Christian and Apel, Sven and Parnin, Chris and Bethmann, Anja and Leich, Thomas and Saake, Gunter and Brechmann, Andr{\'e}},
  title =     {Understanding Understanding Source Code with Functional Magnetic Resonance Imaging},
  booktitle = {Proceedings of the 36th International Conference on Software Engineering},
  year =      {2014},
  series =    {ICSE 2014},
  pages =     {378--389},
  address =   {New York, NY, USA},
  publisher = {ACM},
  acmid =     {2568252},
  doi =       {10.1145/2568225.2568252},
  isbn =      {978-1-4503-2756-5},
  keywords =  {Functional magnetic resonance imaging, program comprehension},
  location =  {Hyderabad, India},
  numpages =  {12},
  url =       {http://doi.acm.org/10.1145/2568225.2568252}
}

@InProceedings{SirkiaeSorva2012,
  author =    {Sirki\"{a}, Teemu and Sorva, Juha},
  title =     {Exploring Programming Misconceptions: An Analysis of Student Mistakes in Visual Program Simulation Exercises},
  booktitle = {Proceedings of the 12th Koli Calling International Conference on Computing Education Research},
  year =      {2012},
  series =    {Koli Calling '12},
  pages =     {19--28},
  address =   {New York, NY, USA},
  publisher = {ACM},
  acmid =     {2401799},
  doi =       {10.1145/2401796.2401799},
  isbn =      {978-1-4503-1795-5},
  keywords =  {CS1, introductory programming education, misconceptions, program visualization, visual program simulation},
  location =  {Koli, Finland},
  numpages =  {10},
  url =       {http://doi.acm.org/10.1145/2401796.2401799}
}

@Article{Vinha2005,
  author =     {Vinha, Antonio},
  title =      {Reusable Learning Objects: Theory to Practice},
  journal =    {SIGCSE Bull.},
  year =       {2005},
  volume =     {37},
  number =     {3},
  pages =      {413--413},
  month =      jun,
  acmid =      {1067617},
  address =    {New York, NY, USA},
  doi =        {10.1145/1151954.1067617},
  issn =       {0097-8418},
  issue_date = {September 2005},
  keywords =   {education, learning objects, learning process, learning technologies},
  numpages =   {1},
  publisher =  {ACM},
  url =        {http://doi.acm.org/10.1145/1151954.1067617}
}

@Article{YahyaYusoff2008,
  author =   {Yahya, Yazrina and Yusoff, Mohammed},
  title =    {Towards a comprehensive learning object metadata: incorporation of context to stipulate meaningful learning and enhance learning object reusability},
  journal =  {Interdisciplinary Journal of E-Learning and Learning Objects},
  year =     {2008},
  pages =    {13+},
  month =    {2017/2/21/},
  note =     {4},
  issn =     {15522210},
  keywords = {Educational technology},
  url =      {http://go.galegroup.com/ps/i.do?p=AONE&sw=w&u=unifil&v=2.1&it=r&id=GALE%7CA204209805&asid=dfc48176f9b4f9234bb1177916dfd09d}
}
